<?xml version="1.0" encoding="UTF-8"?><collection xmlns="http://www.loc.gov/MARC21/slim"><record><leader>00577nam--2200181-i-4500</leader><controlfield tag="001">000019168</controlfield><controlfield tag="002">20161230</controlfield><controlfield tag="005">20161230201033</controlfield><controlfield tag="008">060222s1000------------r-----000-0-fre-d</controlfield><datafield ind1=" " ind2=" " tag="040"><subfield code="a">IFIN-HH</subfield></datafield><datafield ind1=" " ind2=" " tag="041"><subfield code="a">fre</subfield></datafield><datafield ind1=" " ind2=" " tag="080"><subfield code="a">539.172.12</subfield></datafield><datafield ind1="1" ind2=" " tag="100"><subfield code="a">Fain, Jean</subfield></datafield><datafield ind1="1" ind2="0" tag="245"><subfield code="a">Emission de noyaux d`helium 3 ou 4 d`energie elevee dans les interactions induites par des protons de 570 mev</subfield><subfield code="b">These</subfield><subfield code="c">Jean fain</subfield></datafield><datafield ind1=" " ind2=" " tag="260"><subfield code="a">Clermont-ferrand</subfield><subfield code="b">Faculte Des Sciences De L`Universite De Clermont-ferrand</subfield><subfield code="c">1968</subfield></datafield><datafield ind1=" " ind2=" " tag="300"><subfield code="a">96 P</subfield></datafield><datafield ind1=" " ind2=" " tag="852"><subfield code="a">33556</subfield><subfield code="c">539.17</subfield></datafield><datafield ind1=" " ind2=" " tag="CAT"><subfield code="a">Sys</subfield><subfield code="c">20120607</subfield><subfield code="h">095445</subfield></datafield></record></collection>